@book{grimmett,
  title     = "Percolation",
  author    = "Grimmett, Geoffrey ",
  year      = 1999,
  publisher = "Springer Science"
}